@misc{gpu:gtx_1080,
      author="Nvidia",
      Title="{{Geforce GTX 1080}}",
      note="\url{http://www.geforce.com/hardware/10series/geforce-gtx-1080}"
},
@misc{gpu:titan_x,
      author="Nvidia",
      Title="{{Geforce Titan X}}",
      note="\url{http://www.geforce.com/hardware/desktop-gpus/geforce-gtx-titan-x/specifications}"
},
@misc{gpu:980_ti,
      author="Nvidia",
      Title="{{Geforce 980 Ti}}",
      note="\url{http://www.geforce.com/hardware/desktop-gpus/geforce-gtx-980-ti/specifications}"
},
@misc{gpu:gtx_1070,
      author="Nvidia",
      Title="{{Geforce GTX 1070}}",
      note="\url{http://www.geforce.com/hardware/10series/geforce-gtx-1070}"
},
@misc{gpu:gtx_1060,
      author="Nvidia",
      Title="{{Geforce GTX 1060}}",
      note="\url{http://www.geforce.com/hardware/10series/geforce-gtx-1060}"
},
